@misc{Dobrushin:fk,
	Author = {R.L. Dobrushin and V.V. Prelov},
	Title = {Entropy. Encyclopedia of Mathematics.},
  url = {http://www.encyclopediaofmath.org/index.php?title=Entropy&oldid=15099}
}


@article{Gardner:2007fj,
	Address = {Cambridge, MA},
	Author = {Gardner, Henry J. and Martin, Michael A.},
	Date-Added = {2015-08-24 11:43:18 +0000},
	Date-Modified = {2015-08-24 11:43:23 +0000},
	Journal = {Presence: Teleoper. Virtual Environ.},
	Month = aug,
	Number = 4,
	Pages = {439--446},
	Publisher = {MIT Press},
	Title = {Analyzing Ordinal Scales in Studies of Virtual Environments: Likert or Lump It!},
	Volume = 16,
	Year = 2007}


@article{Shannon:1948rt,
	Author = {C. E. Shannon},
	Date-Added = {2015-08-25 01:43:52 +0000},
	Date-Modified = {2015-08-25 01:44:40 +0000},
	Journal = {The Bells Systems Technical Journal},
	Keywords = {Information Theory, Entropy},
	Month = {October},
	Pages = {379--423},
	Title = {A Mathematical Theory of Communcation},
	Volume = 27,
	Year = 1948
}


@inproceedings{Swift:2014tya,
	Author = {Swift, Ben and Sorensen, Andrew and Martin, Michael and Gardner, Henry J},
	Booktitle = {Proc. CHI '14},
	Date-Added = {2015-01-20 05:33:18 +0000},
	Date-Modified = {2015-01-20 05:33:18 +0000},
	Publisher = {ACM Press},
	Title = {{Coding Livecoding}},
	Year = 2014
 }


@article{Thimbleby:2001kq,
	Acmid = 376941,
	Address = {New York, NY, USA},
	Author = {Thimbleby, Harold and Cairns, Paul and Jones, Matt},
	Issn = {1073-0516},
	Issue_Date = {June 2001},
	Journal = {ACM Trans. Comput.-Hum. Interact.},
	Keywords = {Markov models, usability analysis},
	Month = jun,
	Number = 2,
	Numpages = 34,
	Pages = {99--132},
	Publisher = {ACM},
	Title = {Usability Analysis with Markov Models},
	Volume = 8,
	Year = 2001
  }


@article{Thimbleby:2004fj,
	Acmid = 1005364,
	Address = {New York, NY, USA},
	Author = {Thimbleby, Harold},
	Issn = {1073-0516},
	Issue_Date = {June 2004},
	Journal = {ACM Trans. Comput.-Hum. Interact.},
	Keywords = {Matrix algebra, feature interaction, usability analysis, user interface design},
	Month = jun,
	Number = 2,
	Numpages = 56,
	Pages = {181--236},
	Publisher = {ACM},
	Title = {User Interface Design with Matrix Algebra},
	Volume = 11,
	Year = 2004
 }



@book{Venables:2002qv,
	Author = {Venables, William N. and Ripley, Brian D.},
	Date-Added = {2015-08-24 11:44:39 +0000},
	Date-Modified = {2015-08-26 07:04:32 +0000},
	Publisher = {Springer},
	Title = {Modern applied statistics with S},
	Year = 2002}

